% 1. Entalpic网页：AI与GFlowNets在材料发现中的应用
@misc{entalpic:25,
  author  = {Entalpic},
  title   = {How is AI accelerating Materials Discovery—and why are GFlowNets a core ingredient in this approach},
  year    = 2025,
  URL     = {\url{https://entalpic.ai/gflownets-ai-materials-discovery/}},
  note    = {Accessed: 2025-05-18}
}

% 2. IndiaAI网页：MatterGen开源工具
@misc{indiaai:25,
  author  = {IndiaAI},
  title   = {Researchers unveil MatterGen: An open-source AI tool for materials discovery},
  year    = 2025,
  URL     = {\url{https://indiaai.gov.in/article/researchers-unveil-mattergen-an-open-source-ai-tool-for-materials-discovery}},
  note    = {Accessed: 2025-05-18}
}

% 3. ResearchGate论文：晶体无机固体发现
@misc{rg:390884091,
  author  = {Unknown},
  title   = {Discovery of Crystalline Inorganic Solids in the Digital Age},
  year    = 2025,
  URL     = {\url{https://www.researchgate.net/publication/390884091_Discovery_of_Crystalline_Inorganic_Solids_in_the_Digital_Age}},
  note    = {Accessed: 2025-05-18},
  doi     = {10.13140/RG.2.2.36254.67890},
}

% 4. Hugging Face：MatterGen README
@misc{huggingface:mattergen/readme,
  author  = {microsoft},
  title   = {README.md · microsoft/mattergen at 936638f93cd5ff6bba6593aeadddcb07b4e0558d},
  year    = 2025,
  URL     = {\url{https://huggingface.co/microsoft/mattergen/blob/936638f93cd5ff6bba6593aeadddcb07b4e0558d/README.md}},
  note    = {Accessed: 2025-05-18}
}

% 5. Microsoft Research网页：MatterGen范式
@misc{msr:mattergen:25,
  author  = {Microsoft Research},
  title   = {MatterGen: A new paradigm of materials design with generative AI},
  year    = 2025,
  URL     = {\url{https://www.microsoft.com/en-us/research/blog/mattergen-a-new-paradigm-of-materials-design-with-generative-ai/}},
  note    = {Accessed: 2025-05-18}
}

% 6. GitHub：MatterGen README
@misc{github:mattergen/readme,
  author  = {microsoft},
  title   = {README.md - microsoft/mattergen - GitHub},
  year    = 2025,
  URL     = {\url{https://github.com/microsoft/mattergen/blob/main/README.md}},
  note    = {Accessed: 2025-05-18}
}

% 7. GitHub：MatterGen仓库
@misc{github:mattergen,
  author  = {microsoft},
  title   = {microsoft/mattergen: Official implementation of MatterGen -- a generative model for inorganic materials design across the periodic table},
  year    = 2025,
  URL     = {\url{https://github.com/microsoft/mattergen}},
  note    = {Accessed: 2025-05-18}
}

% 8. Materials Project API：ReDoc文档
@misc{mp:api/redoc,
  author  = {Materials Project},
  title   = {ReDoc - Materials Project API},
  year    = 2025,
  URL     = {\url{https://api.materialsproject.org/redoc}},
  note    = {Accessed: 2025-05-18}
}

% 9. Materials Project API：Swagger UI
@misc{mp:api/swagger,
  author  = {Materials Project},
  title   = {Materials Project API - Swagger UI},
  year    = 2025,
  URL     = {\url{https://api.materialsproject.org/docs}},
  note    = {Accessed: 2025-05-18}
}

% 10. Materials Project：LiH材料页面
@misc{mp:23703,
  author  = {Materials Project},
  title   = {mp-23703: LiH (Cubic, Fm-3m, 225)},
  year    = 2025,
  URL     = {\url{https://next-gen.materialsproject.org/materials/mp-23703?formula=LiH}},
  note    = {Accessed: 2025-05-18}
}

% 11. Materials Project：Li2ZrO3材料页面
@misc{mp:4156,
  author  = {Materials Project},
  title   = {mp-4156: Li2ZrO3 (Monoclinic, C2/c, 15)},
  year    = 2025,
  URL     = {\url{https://next-gen.materialsproject.org/materials/mp-4156/}},
  note    = {Accessed: 2025-05-18}
}

% 12. 个人博客：Materials Project介绍
@misc{chen:mp:25,
  author  = {Chen, Enze},
  title   = {The Materials Project},
  year    = 2025,
  URL     = {\url{https://enze-chen.github.io/mi-book-2021/week_1/02/materials_project_blank.html}},
  note    = {Accessed: 2025-05-18}
}

% 13. Materials Project文档：API示例
@misc{mp:docs/api/examples,
  author  = {Materials Project},
  title   = {Examples | Materials Project Documentation},
  year    = 2025,
  URL     = {\url{https://docs.materialsproject.org/downloading-data/using-the-api/examples}},
  note    = {Accessed: 2025-05-18}
}

% 14. Materials Project文档：API入门
@misc{mp:docs/api/getting-started,
  author  = {Materials Project},
  title   = {Getting Started | Materials Project Documentation},
  year    = 2025,
  URL     = {\url{https://docs.materialsproject.org/downloading-data/using-the-api/getting-started}},
  note    = {Accessed: 2025-05-18}
}

% 15. Materials Project：API首页
@misc{mp:api,
  author  = {Materials Project},
  title   = {API - Materials Project},
  year    = 2025,
  URL     = {\url{https://next-gen.materialsproject.org/api}},
  note    = {Accessed: 2025-05-18}
}

% 16. YouTube视频：CIF转XRD教程
@misc{youtube:cif2xrd,
  author  = {YouTube},
  title   = {Download CIF file from COD and generate XRD data using VESTA},
  year    = 2025,
  howpublished = {\url{https://www.youtube.com/watch?v=XNU_1l9WYrA}},
  note    = {Accessed: 2025-05-18}
}

% 17. COD Wiki：RESTful API
@misc{cod:wiki/api,
  author  = {Crystallography Open Database (COD)},
  title   = {RESTful API - COD wiki},
  year    = 2025,
  URL     = {\url{https://wiki.crystallography.net/RESTful_API/}},
  note    = {Accessed: 2025-05-18}
}

% 18. AFLOW文档：材料发现框架
@misc{aflow:docs,
  author  = {AFLOW},
  title   = {Automatic - FLOW for Materials Discovery - AFlow},
  year    = 2025,
  URL     = {\url{https://aflow.dev.materials.duke.edu/documentation}},
  note    = {Accessed: 2025-05-18}
}

% 19. AFLOW：2021学校数据库PDF
@misc{aflow:school/2021,
  author  = {AFLOW},
  title   = {aflow.org: AFLOW School 2021 - Database & AFlux},
  year    = 2025,
  URL     = {\url{https://aflow.org/aflow-school/past_schools/20210906/08_aflow_school_database_aflux.pdf}},
  note    = {Accessed: 2025-05-18}
}

% 20. PMC论文：推荐引擎预测稳定化合物
@article{pmc:11698120,
  author  = {Unknown},
  title   = {Wide-ranging predictions of new stable compounds powered by recommendation engines},
  year    = 2024,
  journal = {PubMed Central},
  publisher = {PubMed Central},
  doi     = {10.1101/2024.05.20.594987},
  URL     = {\url{https://pmc.ncbi.nlm.nih.gov/articles/PMC11698120/}},
  note    = {Accessed: 2025-05-18}
}

% 21. Duke大学：AFLOW README
@misc{duke:aflow/readme,
  author  = {Duke University Materials Science},
  title   = {materials.duke.edu: README_AFLOW_AGL.TXT},
  year    = 2025,
  URL     = {\url{https://materials.duke.edu/AFLOW/README_AFLOW_AGL.TXT}},
  note    = {Accessed: 2025-05-18}
}

% 22. AFLOW：C1Si1材料页面
@misc{aflow:0e5c7dd4,
  author  = {AFLOW},
  title   = {Materials Page - C1Si1 (AB_cF8_225_b_a)},
  year    = 2025,
  URL     = {\url{https://aflow.org/material/?iid=aflow:0e5c7dd4d4402dff}},
  note    = {Accessed: 2025-05-18}
}

% 23. ResearchGate论文：AFLOW高通量框架
@misc{rg:229309302,
  author  = {Curtarolo, Stefano and Friedrich, Renata and Hart, Gus L. W.},
  title   = {AFLOW: An Automatic Framework for High-Throughput Materials Discovery},
  year    = 2012,
  URL     = {\url{https://www.researchgate.net/publication/229309302_AFLOW_An_Automatic_Framework_for_High-Throughput_Materials_Discovery}},
  note    = {Accessed: 2025-05-18},
  doi     = {10.1016/j.commatsci.2012.02.005}
}

% 24. Entropy for Energy：AFLOW网页生态PDF
@misc{entropy4energy:aflow,
  author  = {Entropy for Energy},
  title   = {aflow.org: A web ecosystem of databases, software and tools},
  year    = 2025,
  URL     = {\url{https://entropy4energy.ai/media/publications/10.1016_j.commatsci.2022.111808.pdf}},
  note    = {Accessed: 2025-05-18},
  doi     = {10.1016/j.commatsci.2022.111808}
}

% 25. AFLOW：出版物页面
@misc{aflow:publications,
  author  = {AFLOW},
  title   = {Automatic - FLOW for Materials Discovery - AFlow: Publications},
  year    = 2025,
  URL     = {\url{https://aflowlib.org/publications/}},
  note    = {Accessed: 2025-05-18}
}

% 26. AFLOW：官网首页
@misc{aflow:home,
  author  = {AFLOW},
  title   = {Aflow - Automatic FLOW for Materials Discovery},
  year    = 2025,
  URL     = {\url{https://www.aflowlib.org/}},
  note    = {Accessed: 2025-05-18}
}

% 27. OQMD文档：材料页面
@misc{oqmd:docs/materials,
  author  = {Open Quantum Materials Database (OQMD)},
  title   = {Materials — qmpy v1.2.0 documentation - OQMD},
  year    = 2025,
  URL     = {\url{https://static.oqmd.org/static/docs/materials.html}},
  note    = {Accessed: 2025-05-18}
}

% 28. OQMD文档：RESTful API
@misc{oqmd:docs/restful,
  author  = {Open Quantum Materials Database (OQMD)},
  title   = {OQMD RESTful API — qmpy v1.2.0 documentation},
  year    = 2025,
  URL     = {\url{https://static.oqmd.org/static/docs/restful.html}},
  note    = {Accessed: 2025-05-18}
}

% 29. PMC论文：集成机器学习预测无机化合物稳定性
@article{pmc:11696921,
  author  = {Unknown},
  title   = {Predicting thermodynamic stability of inorganic compounds using ensemble machine learning based on electron configuration},
  year    = 2024,
  journal = {PubMed Central},
  publisher = {PubMed Central},
  doi     = {10.1101/2024.05.19.594876},
  URL     = {\url{https://pmc.ncbi.nlm.nih.gov/articles/PMC11696921/}},
  note    = {Accessed: 2025-05-18}
}

% 30. ChemRxiv论文：锂离子传导
@misc{chemrxiv:60c745c7,
  author  = {Unknown},
  title   = {Lithium Ion Conduction in Cathode Coating Materials from On-the-Fly Machine Learning},
  year    = 2021,
  URL     = {\url{https://chemrxiv.org/engage/api-gateway/chemrxiv/assets/orp/resource/item/60c745c7ee301c00e5c793de/original/lithium-ion-conduction-in-cathode-coating-materials-from-on-the-fly-machine-learning.pdf}},
  note    = {Accessed: 2025-05-18},
  publisher = {ChemRxiv}
}

% 31. Hugging Face：MatterGen仓库
@misc{huggingface:mattergen,
  author  = {microsoft},
  title   = {microsoft/mattergen - Hugging Face},
  year    = 2025,
  URL     = {\url{https://huggingface.co/microsoft/mattergen}},
  note    = {Accessed: 2025-05-18}
}

% 32. PMC论文：AI驱动材料发现
@article{pmc:11983685,
  author  = {Unknown},
  title   = {AI-driven material discovery for energy, catalysis and sustainability},
  year    = 2024,
  journal = {PubMed Central},
  publisher = {PubMed Central},
  doi     = {10.1101/2024.08.20.608784},
  URL     = {\url{https://pmc.ncbi.nlm.nih.gov/articles/PMC11983685/}},
  note    = {Accessed: 2025-05-18}
}

% 33. ROCKY MOUNTAIN DISPATCH网页：MatterGen介绍
@misc{rmd:mattergen,
  author  = {ROCKY MOUNTAIN DISPATCH LLC.},
  title   = {MatterGen: Revolutionizing Material Discovery},
  year    = 2025,
  URL     = {\url{https://rockymountaindispatch.com/2025/01/20/mattergen-revolutionizing-material-discovery/}},
  note    = {Accessed: 2025-05-18}
}

% 34. Perplexity网页：Microsoft发布MatterGen
@misc{perplexity:mattergen,
  author  = {Perplexity},
  title   = {Microsoft Unveils MatterGen - Perplexity},
  year    = 2025,
  URL     = {\url{https://www.perplexity.ai/page/microsoft-unveils-mattergen-yB9ikYpxRZWDB97y2FMltQ}},
  note    = {Accessed: 2025-05-18}
}

% 35. The AI Insider网页：MatterGen介绍
@misc{aiinsider:mattergen,
  author  = {The AI Insider},
  title   = {What Is MatterGen? Microsoft's Generative AI Could Transform Materials Research},
  year    = 2025,
  URL     = {\url{https://theaiinsider.tech/2025/01/17/what-is-mattergen-microsofts-generative-ai-could-transform-materials-research/}},
  note    = {Accessed: 2025-05-18}
}

% 36. Microsoft Research论文：无机材料生成模型
@article{msr:mattergen/pub,
  author  = {Microsoft Research Team},
  title   = {A generative model for inorganic materials design},
  year    = 2024,
  journal = {Microsoft Research Publications},
  URL     = {\url{https://www.microsoft.com/en-us/research/publication/a-generative-model-for-inorganic-materials-design/}},
  note    = {Accessed: 2025-05-18}
}

% 37. PMC论文：无机材料生成模型
@article{pmc:11922738,
  author  = {Unknown},
  title   = {A generative model for inorganic materials design},
  year    = 2024,
  journal = {PubMed Central},
  publisher = {PubMed Central},
  doi     = {10.1101/2024.07.15.602264},
  URL     = {\url{https://pmc.ncbi.nlm.nih.gov/articles/PMC11922738/}},
  note    = {Accessed: 2025-05-18}
}

% 38. Hugging Face：MatterGen主分支README
@misc{huggingface:mattergen/readme,
  author  = {microsoft},
  title   = {README.md · microsoft/mattergen at main - Hugging Face},
  year    = 2025,
  URL     = {\url{https://huggingface.co/microsoft/mattergen/blob/main/README.md}},
  note    = {Accessed: 2025-05-18}
}

% 39. pymatgen官网
@misc{pymatgen:home,
  author  = {materialsproject},
  title   = {pymatgen: Home},
  year    = 2025,
  URL     = {\url{https://pymatgen.org/}},
  note    = {Accessed: 2025-05-18}
}

% 40. GitHub：pymatgen仓库
@misc{github:pymatgen,
  author  = {materialsproject},
  title   = {materialsproject/pymatgen: Python Materials Genomics (pymatgen) for materials analysis},
  year    = 2025,
  URL     = {\url{https://github.com/materialsproject/pymatgen}},
  note    = {Accessed: 2025-05-18}
}

% 41. pymatgen文档：使用指南
@misc{pymatgen:usage,
  author  = {materialsproject},
  title   = {Usage - pymatgen},
  year    = 2025,
  URL     = {\url{https://pymatgen.org/usage.html}},
  note    = {Accessed: 2025-05-18}
}

% 42. GitHub：MatterGen globals.py文件
@misc{github:mattergen/globals,
  author  = {microsoft},
  title   = {globals.py - microsoft/mattergen - GitHub},
  year    = 2025,
  URL     = {\url{https://github.com/microsoft/mattergen/blob/main/mattergen/common/utils/globals.py}},
  note    = {Accessed: 2025-05-18}
}

% 43. Hydra文档：基础覆盖语法
@misc{hydra:docs/override,
  author  = {Hydra},
  title   = {Basic Override Syntax - Hydra},
  year    = 2025,
  URL     = {\url{https://hydra.cc/docs/advanced/override_grammar/basic/}},
  note    = {Accessed: 2025-05-18}
}

% 44. Cif2x文档：用户手册
@misc{cif2x:manual,
  author  = {ISSP Center},
  title   = {Cif2x Documentation - GitHub Pages},
  year    = 2025,
  URL     = {\url{https://issp-center-dev.github.io/cif2x/manual/v1.1.0/en/cif2x-usersguide.pdf}},
  note    = {Accessed: 2025-05-18}
}

% 45. Stack Overflow：Python下载MP的CIF文件
@misc{so:78134882,
  author  = {Stack Overflow},
  title   = {How to download structure (.cif) file from materialsproject.org using python},
  year    = 2025,
  URL     = {\url{https://stackoverflow.com/questions/78134882/how-to-download-structure-cif-file-from-materialsproject-org-using-python}},
  note    = {Accessed: 2025-05-18}
}

% 46. Stack Overflow：GNN数据集建图
@misc{so:75565483,
  author  = {Stack Overflow},
  title   = {create a graph with the dataset in order to use GNN on it},
  year    = 2025,
  URL     = {\url{https://stackoverflow.com/questions/75565483/create-a-graph-with-the-dataset-in-order-to-use-gnn-on-it}},
  note    = {Accessed: 2025-05-18}
}

% 47. pymatgen文档：analysis命名空间
@misc{pymatgen:analysis,
  author  = {materialsproject},
  title   = {pymatgen.analysis namespace},
  year    = 2025,
  URL     = {\url{https://pymatgen.org/pymatgen.analysis.html}},
  note    = {Accessed: 2025-05-18}
}

% 48. Matsci论坛：MAPI属性名与分页
@misc{matsci:53644,
  author  = {Materials Science Community Discourse},
  title   = {Name of properties in MAPI + pagination - Materials Project Data/API},
  year    = 2025,
  URL     = {\url{https://matsci.org/t/name-of-properties-in-mapi-pagination/53644}},
  note    = {Accessed: 2025-05-18}
}

% 49. Matsci论坛：MPRester提取电池数据
@misc{matsci:46630,
  author  = {Materials Science Community Discourse},
  title   = {Extracting battery explorer data using MPRester},
  year    = 2025,
  URL     = {\url{https://matsci.org/t/extracting-battery-explorer-data-using-mprester/46630}},
  note    = {Accessed: 2025-05-18}
}

% 50. Microsoft网页：AI与材料发现
@misc{ms:ai-materials,
  author  = {Microsoft},
  title   = {AI meets materials discovery: The vision behind MatterGen and MatterSim},
  year    = 2025,
  URL     = {\url{https://www.microsoft.com/en-us/research/story/ai-meets-materials-discovery/}},
  note    = {Accessed: 2025-05-18}
}

% 51. Turtles AI网页：AI材料设计
@misc{turtlesai:ai-materials,
  author  = {Turtles AI},
  title   = {Advanced Materials Design with AI | Generative ai benefits for business examples},
  year    = 2025,
  URL     = {\url{https://www.turtlesai.com/en/pages-2127/advanced-materials-design-with-ai}},
  note    = {Accessed: 2025-05-18}
}

% 52. Windows Central网页：MatterGen介绍
@misc{windowscentral:mattergen,
  author  = {Windows Central},
  title   = {MatterGen: Microsoft is developing new materials with its AI},
  year    = 2025,
  URL     = {\url{https://www.windowscentral.com/microsoft/microsoft-unveils-mattergen-ai-for-developing-new-materials}},
  note    = {Accessed: 2025-05-18}
}

% 53. arXiv论文：MatGL材料图库
@misc{arxiv:2503.03837,
  author  = {Unknown},
  title   = {Materials Graph Library (MatGL), an open-source graph deep learning library for materials science and chemistry},
  year    = 2025,
  eprint  = {2503.03837},
  archivePrefix = {arXiv},
  primaryClass = {cond-mat.mtrl-sci},
  URL     = {\url{https://arxiv.org/abs/2503.03837}},
  note    = {Accessed: 2025-05-18}
}

% 54. arXiv论文：MatGL HTML页面
@misc{arxiv:2503.03837v1,
  author  = {Unknown},
  title   = {Materials Graph Library (MatGL), an open-source graph deep learning library for materials science and chemistry},
  year    = 2025,
  eprint  = {2503.03837v1},
  archivePrefix = {arXiv},
  primaryClass = {cond-mat.mtrl-sci},
  URL     = {\url{https://arxiv.org/html/2503.03837v1}},
  note    = {Accessed: 2025-05-18}
}

% 55. GitHub：MatGL仓库
@misc{github:matgl,
  author  = {materialsvirtuallab},
  title   = {materialsvirtuallab/matgl: Graph deep learning library for materials},
  year    = 2025,
  URL     = {\url{https://github.com/materialsvirtuallab/matgl}},
  note    = {Accessed: 2025-05-18}
}

% 56. arXiv论文：液体电解质统一解决方案
@misc{arxiv:2504.18728v2,
  author  = {Unknown},
  title   = {A Unified Predictive and Generative Solution for Liquid Electrolyte Formulation},
  year    = 2025,
  eprint  = {2504.18728v2},
  archivePrefix = {arXiv},
  primaryClass = {cond-mat.mtrl-sci},
  URL     = {\url{https://arxiv.org/html/2504.18728v2}},
  note    = {Accessed: 2025-05-18}
}

% 57. arXiv论文：液体电解质机器学习力场
@misc{arxiv:2404.07181v5,
  author  = {Unknown},
  title   = {A predictive machine learning force field framework for liquid electrolyte development},
  year    = 2024,
  eprint  = {2404.07181v5},
  archivePrefix = {arXiv},
  primaryClass = {cond-mat.mtrl-sci},
  URL     = {\url{https://arxiv.org/html/2404.07181v5}},
  note    = {Accessed: 2025-05-18}
}

% 58. ResearchGate论文：去噪预训练加速材料发现
@misc{rg:390699234,
  author  = {Unknown},
  title   = {A Denoising Pre-training Framework for Accelerating Novel Material Discovery},
  year    = 2025,
  URL     = {\url{https://www.researchgate.net/publication/390699234_A_Denoising_Pre-training_Framework_for_Accelerating_Novel_Material_Discovery}},
  note    = {Accessed: 2025-05-18}
}

% 59. GitHub：ALIGNN仓库
@misc{github:alignn,
  author  = {usnistgov},
  title   = {usnistgov/alignn: Atomistic Line Graph Neural Network},
  year    = 2025,
  URL     = {\url{https://github.com/usnistgov/alignn}},
  note    = {Accessed: 2025-05-18}
}

% 60. arXiv论文：PINK晶格热导率
@misc{arxiv:2503.17060,
  author  = {Unknown},
  title   = {PINK: physical-informed machine learning for lattice thermal conductivity},
  year    = 2025,
  eprint  = {2503.17060},
  archivePrefix = {arXiv},
  primaryClass = {cond-mat.mtrl-sci},
  URL     = {\url{https://arxiv.org/pdf/2503.17060}},
  note    = {Accessed: 2025-05-18}
}

% 61. GitHub：CGCNN仓库
@misc{github:cgcnn,
  author  = {polbeni},
  title   = {polbeni/cgcnn: Code for Crystal Graph Convolutional Neural Networks},
  year    = 2025,
  URL     = {\url{https://github.com/polbeni/cgcnn}},
  note    = {Accessed: 2025-05-18}
}

% 62. JMI论文：PINK晶格热导率
@misc{jmi:pink,
  author  = {Unknown},
  title   = {PINK: physical-informed machine learning for lattice thermal conductivity},
  year    = 2024,
  journal = {Journal of Materials Informatics},
  URL     = {\url{https://www.oaepublish.com/articles/jmi.2024.86}},
  note    = {Accessed: 2025-05-18},
  doi     = {10.18178/jmi.2024.86}
}

% 63. GitHub：CrysGNN仓库
@misc{github:crysgnn,
  author  = {kdmsit},
  title   = {CrysGNN : Distilling pre-trained knowledge to enhance property prediction for crystalline materials (AAAI-2023)},
  year    = 2025,
  URL     = {\url{https://github.com/kdmsit/crysgnn}},
  note    = {Accessed: 2025-05-18}
}

% 64. arXiv论文：JARVIS材料设计
@misc{arxiv:2503.04133,
  author  = {Unknown},
  title   = {The JARVIS Infrastructure is All You Need for Materials Design},
  year    = 2025,
  eprint  = {2503.04133},
  archivePrefix = {arXiv},
  primaryClass = {cond-mat.mtrl-sci},
  URL     = {\url{https://arxiv.org/pdf/2503.04133}},
  note    = {Accessed: 2025-05-18}
}

% 65. NIST JARVIS网页：JARVIS-ML
@misc{jarvis:nist/ml,
  author  = {NIST JARVIS},
  title   = {jarvis.nist.gov: JARVIS-ML},
  year    = 2025,
  URL     = {\url{https://jarvis.nist.gov/jarvisml/}},
  note    = {Accessed: 2025-05-18}
}

% 66. arXiv论文：离子电导率预测v2
@misc{arxiv:2411.06804v2,
  author  = {Unknown},
  title   = {Predicting ionic conductivity in solids from the machine-learned potential energy landscape},
  year    = 2024,
  eprint  = {2411.06804v2},
  archivePrefix = {arXiv},
  primaryClass = {cond-mat.mtrl-sci},
  URL     = {\url{https://arxiv.org/html/2411.06804v2}},
  note    = {Accessed: 2025-05-18}
}

% 67. arXiv论文：离子电导率预测（无版本）
@misc{arxiv:2411.06804,
  author  = {Unknown},
  title   = {Predicting ionic conductivity in solids from the machine-learned potential energy landscape},
  year    = 2024,
  eprint  = {2411.06804},
  archivePrefix = {arXiv},
  primaryClass = {cond-mat.mtrl-sci},
  URL     = {\url{https://arxiv.org/html/2411.06804}},
  note    = {Accessed: 2025-05-18}
}

% 68. ACS论文：锂硼硫体系超离子传导
@article{acs:ami.9b19091,
  author  = {Unknown},
  title   = {Combining Superionic Conduction and Favorable Decomposition Products in the Crystalline Lithium–Boron–Sulfur System},
  year    = 2020,
  journal = {ACS Applied Materials & Interfaces},
  volume  = {12},
  number  = {10},
  pages   = {11844--11852},
  doi     = {10.1021/acsami.9b19091},
  publisher = {American Chemical Society (ACS)},
  URL     = {\url{https://pubs.acs.org/doi/10.1021/acsami.9b19091}},
  note    = {Accessed: 2025-05-18}
}

% 69. arXiv论文：MolSets分子图学习
@misc{arxiv:2312.16473,
  author  = {Unknown},
  title   = {MolSets: Molecular Graph Deep Sets Learning for Mixture Property Modeling},
  year    = 2023,
  eprint  = {2312.16473},
  archivePrefix = {arXiv},
  primaryClass = {q-bio.QM},
  URL     = {\url{https://arxiv.org/pdf/2312.16473}},
  note    = {Accessed: 2025-05-18}
}

% 70. arXiv论文：离子电导率预测v1
@misc{arxiv:2411.06804v1,
  author  = {Unknown},
  title   = {Predicting ionic conductivity in solids from the machine-learned potential energy landscape},
  year    = 2024,
  eprint  = {2411.06804v1},
  archivePrefix = {arXiv},
  primaryClass = {cond-mat.mtrl-sci},
  URL     = {\url{https://arxiv.org/html/2411.06804v1}},
  note    = {Accessed: 2025-05-18}
}

% 71. J-STAGE数据：锂氧化物离子电导率支持信息
@misc{jstage:28427960,
  author  = {J-STAGE Data},
  title   = {Chemical Composition-Driven Machine Learning Models for Predicting Ionic Conductivity in Lithium-Containing Oxides (Supporting Information)},
  year    = 2025,
  URL     = {\url{https://jstagedata.jst.go.jp/articles/dataset/Chemical_Composition-Driven_Machine_Learning_Models_for_Predicting_Ionic_Conductivity_in_Lithium-Containing_Oxides_Supporting_Information_/28427960}},
  note    = {Accessed: 2025-05-18}
}

% 72. DOI论文：锂氧化物离子电导率
@misc{doi:25-71007,
  author  = {Unknown},
  title   = {Chemical Composition-Driven Machine Learning Models for Predicting Ionic Conductivity in Lithium-Containing Oxides},
  year    = 2025,
  doi     = {10.5796/electrochemistry.25-71007},
  URL     = {\url{https://doi.org/10.5796/electrochemistry.25-71007}},
  note    = {Accessed: 2025-05-18},
  publisher = {Electrochemistry}
}

% 73. MDPI论文：固态电解质研究综述
@article{mdpi:2079-4991/15/3/225,
  author  = {Unknown},
  title   = {Recent Applications of Theoretical Calculations and Artificial Intelligence in Solid-State Electrolyte Research: A Review},
  year    = 2025,
  journal = {Materials},
  volume  = {15},
  number  = {3},
  pages   = {225},
  doi     = {10.3390/ma15030225},
  publisher = {MDPI},
  URL     = {\url{https://www.mdpi.com/2079-4991/15/3/225}},
  note    = {Accessed: 2025-05-18}
}

% 74. ResearchGate论文：离子电导率预测
@misc{rg:385721364,
  author  = {Unknown},
  title   = {Predicting ionic conductivity in solids from the machine-learned potential energy landscape},
  year    = 2024,
  URL     = {\url{https://www.researchgate.net/publication/385721364_Predicting_ionic_conductivity_in_solids_from_the_machine-learned_potential_energy_landscape}},
  note    = {Accessed: 2025-05-18}
}

% 75. ResearchGate论文：离子液体电导率预测
@misc{rg:359374313,
  author  = {Unknown},
  title   = {A Generalized Machine Learning Model for Predicting Ionic Conductivity for Ionic Liquids},
  year    = 2022,
  URL     = {\url{https://www.researchgate.net/publication/359374313_A_Generalized_Machine_Learning_Model_for_Predicting_Ionic_Conductivity_for_Ionic_Liquids}},
  note    = {Accessed: 2025-05-18}
}

% 76. Materials Data Explorer：SHAP多目标分析
@misc{mde:shap,
  author  = {Materials Data Explorer},
  title   = {SHAP Analysis for Multiple Targets in Machine Learning},
  year    = 2025,
  URL     = {\url{https://bjoyita.github.io/Tutorial_3_SHAP.html}},
  note    = {Accessed: 2025-05-18}
}

% 77. ResearchGate论文：SHAP药物开发指南
@misc{rg:385304067,
  author  = {Unknown},
  title   = {Practical guide to SHAP analysis: Explaining supervised machine learning model predictions in drug development},
  year    = 2024,
  URL     = {\url{https://www.researchgate.net/publication/385304067_Practical_guide_to_SHAP_analysis_Explaining_supervised_machine_learning_model_predictions_in_drug_development}},
  note    = {Accessed: 2025-05-18}
}

% 78. ResearchGate论文：GNNShap解释
@misc{rg:380539162,
  author  = {Unknown},
  title   = {GNNShap: Scalable and Accurate GNN Explanation using Shapley Values},
  year    = 2024,
  URL     = {\url{https://www.researchgate.net/publication/380539162_GNNShap_Scalable_and_Accurate_GNN_Explanation_using_Shapley_Values}},
  note    = {Accessed: 2025-05-18}
}

% 79. arXiv论文：GNNShap
@misc{arxiv:2401.04829,
  author  = {Unknown},
  title   = {GNNShap: Scalable and Accurate GNN Explanation using Shapley Values},
  year    = 2024,
  eprint  = {2401.04829},
  archivePrefix = {arXiv},
  primaryClass = {cs.LG},
  URL     = {\url{https://arxiv.org/pdf/2401.04829}},
  note    = {Accessed: 2025-05-18}
}

% 80. The Decoder网页：MatterGen介绍
@misc{decoder:mattergen,
  author  = {The Decoder},
  title   = {MatterGen: Microsoft presents AI tools for generating and simulating new materials},
  year    = 2025,
  URL     = {\url{https://the-decoder.com/mattergen-microsoft-presents-ai-tools-for-generating-and-simulating-new-materials/}},
  note    = {Accessed: 2025-05-18}
}

% 81. MRS会议网页：AI催化材料发现研讨会
@misc{mrs:mt04,
  author  = {MRS Meeting Scene},
  title   = {Symposium MT04: Next-Generation AI-Catalyzed Scientific Workflow for Digital Materials Discovery},
  year    = 2025,
  URL     = {\url{https://materials.typepad.com/mrs_meeting_scene/2024/12/symposium-mt04-next-generation-ai-catalyzed-scientific-workflow-for-digital-materials-discovery-4.html}},
  note    = {Accessed: 2025-05-18}
}

% 82. ResearchGate论文：InterOptimus界面筛选
@misc{rg:390035299,
  author  = {Unknown},
  title   = {InterOptimus: An AI-assisted robust workflow for screening ground-state heterogeneous interface structures in lithium batteries},
  year    = 2025,
  URL     = {\url{https://www.researchgate.net/publication/390035299_InterOptimus_An_AI-assisted_robust_workflow_for_screening_ground-state_heterogeneous_interface_structures_in_lithium_batteries}},
  note    = {Accessed: 2025-05-18}
}

% 83. GitHub：MatterGen MODEL_CARD
@misc{github:mattergen/modelcard,
  author  = {microsoft},
  title   = {MODEL_CARD.md - microsoft/mattergen - GitHub},
  year    = 2025,
  URL     = {\url{https://github.com/microsoft/mattergen/blob/main/MODEL_CARD.md}},
  note    = {Accessed: 2025-05-18}
}